<record><leader>00000cas a22000007a 4500</leader><controlfield tag="001">11780854</controlfield><controlfield tag="008">850308d186418uuinuwr ne      0    0eng d</controlfield><datafield ind1=" " ind2=" " tag="010"><subfield code="a">sn 85033245 </subfield></datafield><datafield ind1=" " ind2=" " tag="040"><subfield code="a">NPU</subfield><subfield code="b">eng</subfield><subfield code="c">NPU</subfield><subfield code="d">NPI</subfield><subfield code="d">OCLCQ</subfield></datafield><datafield ind1=" " ind2=" " tag="042"><subfield code="a">msc</subfield></datafield><datafield ind1="0" ind2=" " tag="130"><subfield code="a">Tipton times (Tipton, Ind. : 1864)</subfield></datafield><datafield ind1="1" ind2="4" tag="245"><subfield code="a">The Tipton times.</subfield></datafield><datafield ind1=" " ind2=" " tag="260"><subfield code="a">Tipton, Ind. :</subfield><subfield code="b">W.J. Turpen</subfield></datafield><datafield ind1=" " ind2=" " tag="300"><subfield code="a">v. ;</subfield><subfield code="c">61 cm.</subfield></datafield><datafield ind1=" " ind2=" " tag="310"><subfield code="a">Weekly</subfield></datafield><datafield ind1="1" ind2=" " tag="362"><subfield code="a">Began in 1864?</subfield></datafield><datafield ind1=" " ind2=" " tag="588"><subfield code="a">Description based on: Vol. 12, no. 43 (Apr. 8, 1869).</subfield></datafield><datafield ind1=" " ind2=" " tag="752"><subfield code="a">United States</subfield><subfield code="b">Indiana</subfield><subfield code="c">Tipton</subfield><subfield code="d">Tipton.</subfield></datafield><datafield ind1="0" ind2="0" tag="780"><subfield code="t">Democratic Union</subfield></datafield><datafield ind1="0" ind2="5" tag="780"><subfield code="t">Advance (Tipton, Ind.)</subfield><subfield code="w">(DLC)sn 87055029</subfield></datafield><datafield ind1="0" ind2="0" tag="785"><subfield code="t">Tipton weekly times (Tipton, Ind. : 1884)</subfield><subfield code="w">(DLC)sn 87055030</subfield></datafield></record>